@article{OCH12,
  title={XBRL and open data for global financial ecosystems: A linked data approach},
  author={O'Riain, Se{\'a}n and Curry, Edward and Harth, Andreas},
  journal={International Journal of Accounting Information Systems},
  volume={13},
  number={2},
  pages={141--162},
  year={2012},
  publisher={Elsevier}
}

@article{KPDZ06,
  title={Assessing performance factors in the UK banking sector: a multicriteria methodology},
  author={Kosmidou, Kyriaki and Pasiouras, Fotios and Doumpos, Michael and Zopounidis, C},
  journal={Central European Journal of Operations Research},
  volume={14},
  number={1},
  pages={25--44},
  year={2006},
  publisher={Springer}
}

@article{DeGe05,
  title={A study of customer choice criteria for multiple bank users},
  author={Devlin, James and Gerrard, Philip},
  journal={Journal of Retailing and Consumer services},
  volume={12},
  number={4},
  pages={297--306},
  year={2005},
  publisher={Elsevier}
}


@article{AlGa09,
  title={Bank profitability and the business cycle},
  author={Albertazzi, Ugo and Gambacorta, Leonardo},
  journal={Journal of Financial Stability},
  volume={5},
  number={4},
  pages={393--409},
  year={2009},
  publisher={Elsevier}
}


@article{wu12,
  title={Constructing a strategy map for banking institutions with key performance indicators of the balanced scorecard},
  author={Wu, Hung-Yi},
  journal={Evaluation and Program Planning},
  volume={35},
  number={3},
  pages={303--320},
  year={2012},
  publisher={Elsevier}
}

@article{SwWN08,
  title={Assessing three sources of misresponse to reversed Likert items},
  author={Swain, Scott D and Weathers, Danny and Niedrich, Ronald W},
  journal={Journal of Marketing Research},
  volume={45},
  number={1},
  pages={116--131},
  year={2008},
  publisher={American Marketing Association}
}

@article{TaDe11,
  title={Making sense of Cronbach's alpha},
  author={Tavakol, Mohsen and Dennick, Reg},
  journal={International journal of medical education},
  volume={2},
  pages={53},
  year={2011},
  publisher={IJME}
}

@article{Gio08,
  title={Assessing the efficiency in operations of a large Greek bank branch network adopting different economic behaviors},
  author={Giokas, Dimitris I},
  journal={Economic Modelling},
  volume={25},
  number={3},
  pages={559--574},
  year={2008},
  publisher={Elsevier}
}


@article{SeZh99,
  title={Profitability and marketability of the top 55 US commercial banks},
  author={Seiford, Lawrence M and Zhu, Joe},
  journal={management science},
  volume={45},
  number={9},
  pages={1270--1288},
  year={1999},
  publisher={INFORMS}
}

@article{WeCS10,
  title={The effect of rating scale format on response styles: The number of response categories and response category labels},
  author={Weijters, Bert and Cabooter, Elke and Schillewaert, Niels},
  journal={International Journal of Research in Marketing},
  volume={27},
  number={3},
  pages={236--247},
  year={2010},
  publisher={Elsevier}
}

@article{CeCP08,
  title={Firm operation performance analysis using data envelopment analysis and balanced scorecard: A case study of a credit cooperative bank},
  author={Chen, Tser-yieth and Chen, Chie-Bein and Peng, Sin-Ying},
  journal={International Journal of Productivity and Performance Management},
  volume={57},
  number={7},
  pages={523--539},
  year={2008},
  publisher={Emerald Group Publishing Limited}
}

@article{WeSN05,
  title={The impact of the number of scale points, dispositional factors, and the status quo decision heuristic on scale reliability and response accuracy},
  author={Weathers, Danny and Sharma, Subhash and Niedrich, Ronald W},
  journal={Journal of Business Research},
  volume={58},
  number={11},
  pages={1516--1524},
  year={2005},
  publisher={Elsevier}
}

@book{Geor03,
  title={SPSS for windows step by step: A simple study guide and reference, 17.0 update, 10/e},
  author={George, Darren},
  year={2003},
  publisher={Pearson Education India}
}

@proceedings{GeTa03,
  title = "Informationswirtschaft ein Sektor mit Zukunft",
  year = "2003",
  editor = "Geyer-Schulz, Andreas  and Taudes, Alfred ",
  volume = "0",
  series = "Lecture Notes in Informatics (LNI)",
  publisher = "K{\"o}llen Druck+Verlag GmbH, Bonn",
}

@article{HaSC97,
  title={Banking's Top Performers},
  author={Hanley Jr, Claude A and Suter, Mark P and Cocheo, Steve},
  journal={ABA Banking Journal},
  volume={89},
  number={7},
  pages={36},
  year={1997},
  publisher={Simmons-Boardman Publishing Corp.}
}

@article{BhSh07,
  title={Performance measurement of supply chain management: A balanced scorecard approach},
  author={Bhagwat, Rajat and Sharma, Milind Kumar},
  journal={Computers \& Industrial Engineering},
  volume={53},
  number={1},
  pages={43--62},
  year={2007},
  publisher={Elsevier}
}


@inproceedings{SSHS13,
 	 author = {Steffen Stadtm\"{u}ller and Sebastian Speiser and Andreas Harth and Rudi Studer},
 	 title = {Data-Fu: A Language and an Interpreter for Interaction with Read/Write Linked Data},
	 booktitle = {Proceedings of the 22nd International Conference on World Wide Web},
 	 series = {WWW '13},
	 year = {2013},
 	 isbn = {978-1-4503-2035-1},
	 location = {Rio de Janeiro, Brazil},
	 pages = {1225--1236},
	 numpages = {12},
 	 url = {http://dl.acm.org/citation.cfm?id=2488388.2488495},
	 acmid = {2488495},
	 keywords = {interpreter, linked data, rest, rule language, web interaction},
} 

@article{Mill98,
 	title={An introduction to the resource description framework},
  	author={Eric Miller},
 	 journal={Bulletin of the American Society for Information Science and Technology},
 	 volume={25},
 	 number={1},
 	 pages={15--19},
  	year={1998},
  	publisher={Wiley Online Library}
}

@incollection{KWOW14,
  	title={Accepting the XBRL Challenge with Linked Data for Financial Data Integration},
  	author={Benedikt K\"{a}mpgen and Tobias Weller and Se{\'a}n O'Riain and Craig Weber and Andreas Harth},
 	 booktitle={International Semantic Web Conference},
  	pages={595--610},
 	 year={2014},
 	 publisher={Springer}
}

@conference{GaGi10,
	author={Roberto Garcia and Rosa Gil},
	title={Triplificating and linking XBRL financial data},
	booktitle={Proceedings of the 6th International Conference on Semantic Systems},
	year={2010}
}

@conference{BRLD10,
	author={Jie Bao and Graham Rong and Xian Li and Li Ding},
	title={Representing Financial Reports on the Semantic Web: a Faithful Translation from XBRL to OWL},
	booktitle={Proceedings of the 2010 International Conference on Semantic web rules},
	year={2010}
}

@booklet{Schu14,
	author={Andreas Geyer--Schulz},
	title={IISM/EM Information Services \& Electronic Markets Karlsruhe Institute of Technology (KIT) -- BWL der Informationsunternehmen, Vorlesung 6. Entscheidungen bei Sicherheit (Teil 2)},
	pages={14--18},
	year={2014}
}

@article{Wei01,
 	 title={Data envelopment analysis},
 	 author={Quanling Wei},
 	 journal={Chinese Science Bulletin},
 	 volume={46},
 	 number={16},
 	 pages={1321--1332},
 	 year={2001},
 	 publisher={Springer}
}